@Book{CoPL,
	ALTauthor = {W. Sebesta, Robert},
	title = {Concepts of Programming Language, $9^{th}$ edition},
	publisher = {Pearson},
	year = {2010}
}
@article{gagnonsablecc,
  title={SableCC, An Object-Oriented Compiler Framework, 1998, Masterthesis, McGill University, Montreal, Canada},
  author={Gagnon, {\'E}.},
  journal={Available from the SableCC Website http://www. sablecc. org}
}
@Book{CaC,
	ALTauthor = {Fisher et al.},
	title = {Crafting a Compiler},
	publisher = {Pearson},
	year = {2010}
}

@MISC{W3,
author = {The World Wide Web Consortium},
title = {Recognized color keyword names},
howpublished = {Website},
year = {August 2011},
note ={\url{http://www.w3.org/TR/SVG/types.html#ColorKeywords}}
}

@MISC{phpqrcode,
author = {Dominik Dzienia},
title = {PHP QR Code},
howpublished = {Website},
year = {August 2011},
note ={\url{http://www.w3.org/TR/SVG/types.html#ColorKeywords}}
}

@manual{phpqrcode,
  author ={Dominik Dzienia},
  title ={PHP QR Code},
  address={URL: \url{http://phpqrcode.sourceforge.net/}},
  year ={2010},
  note ={Looked up: 20-05-2013},
}

@manual{phpqrcodet0k4rt,
  author ={Alexandre Assouad},
  title ={PHP QR Code - SVG/EPS Update},
  address={URL: \url{https://github.com/t0k4rt/phpqrcode}},
  year ={2012},
  note ={Looked up: 20-05-2013},
}