@MISC{pecs,
  author = {Pyramid Droup Management Services},
  title = {Picture Your Student Learning},
  howpublished = {Website},
  year = {Visited 21.03.2013},
  note = {\url{http://pecs.com}}
}

@misc{autism,
title = {Autism},
author = {American Accreditation HealthCare Commision},
date = {16.},
month = {May},
year = {2012},
note = {\url{http://www.ncbi.nlm.nih.gov/pubmedhealth/PMH0002494/}}
}
